@misc{rozmiar_grafu,
  author = {D3 Graph Theory},
  title = {Order and Size of a Graph},
  howpublished = "\url{https://d3gt.com/unit.html?order-and-size}",
  note = {Dostęp: 2024-11-09}
}

@misc{gestosc_grafu,
  author = {Baeldung},
  title = {Graph Density},
  howpublished = "\url{https://www.baeldung.com/cs/graph-density}",
  note = {Dostęp: 2024-11-16}
}

@misc{s_metryka,
  author = {ResearchGate},
  title = {Measuring the effectiveness of the s-metric to produce better network models},
  howpublished = "\url{https://www.researchgate.net/publication/224366095_Measuring_the_effectiveness_of_the_s-metric_to_produce_better_network_models}",
  note = {Dostęp: 2024-11-21}
}

@misc{cykle,
  author = {Baeldung},
  title = {Path vs Cycle vs Circuit},
  howpublished = "\url{https://www.baeldung.com/cs/path-vs-cycle-vs-circuit}",
  note = {Dostęp: 2024-11-30}
}

@misc{s_cycles,
  author = {NetworkX},
  title = {Simple cycles},
  howpublished = "\url{https://networkx.org/documentation/stable/reference/algorithms/generated/networkx.algorithms.cycles.simple_cycles.html.networkx.algorithms.cycles.simple_cycles}",
  note = {Dostęp: 2024-11-30}
}